%% This BibTeX bibliography file was created using BibDesk.
%% http://bibdesk.sourceforge.net/

%% Created for Dennis Müller at 2016-09-25 16:52:57 +0200 


%% Saved with string encoding Unicode (UTF-8) 


@online{PERLS,
	shorthand = {PERLS},
	title = {LINQ},
	url = {https://www.dotnetperls.com/linq},
	note = {[Online, abgefragt 18.01.2017]}
}

@online{EVOLVIERBARKEIT,
	shorthand = {EVOLVIERBARKEIT},
	title = {Evolvierbarkeit - CDD},
	url = {http://clean-code-developer.de/das-wertesystem/#Evolvierbarkeit},
	note = {[Online, abgefragt 18.01.2017]}
}

@online{ROTERGRAD,
	shorthand = {ROTERGRAD},
	title = {Roter Grad - CDD},
	url = {http://clean-code-developer.de/die-grade/roter-grad/},
	note = {[Online, abgefragt 18.01.2017]}
}

@online{CODEWHISPERER,
	shorthand = {CODEWHISPERER},
	AUTHOR = {Kevin Erath},
	title = {Code Whisperer},
	url = {http://www.code-whisperer.de/},
	note = {[Online, abgefragt 18.01.2017]}
}


@online{MICROSOFT,
	shorthand = {MICROSOFT},
	title = {microsoft.com - LINQ},
	url = {https://msdn.microsoft.com/en-us/library/system.linq.enumerable_methods},
	note = {[Online, abgefragt 18.01.2017]}
}


@BOOK{Martin2009,
	shorthand = {CLNCD},
	AUTHOR = {Martin, Robert C.},
	YEAR = {2009},
	TITLE = {Clean Code - Refactoring, Patterns, Testen und Techniken für sauberen Code - Deutsche Ausgabe},
	ISBN = {978-3-8266-5548-7},
	PUBLISHER = {MITP-Verlags GmbH \& Co. KG},
	ADDRESS = {Heidelberg}
}

@online{ioda,
	shorthand = {IODA},
	title = {Die IODA Architekur},
	url = {http://blog.ralfw.de/2015/04/die-ioda-architektur.html},
	note = {[Online, abgefragt 03.01.2017]}
}

@online{youtubevideos,
	shorthand = {YT},
	title = {Einige ca. einstündige Videos die exemplarisch die Flow Design Methode vorstellen },
	url = {https://www.youtube.com/user/ccdschool},
	note = {[Online, abgefragt 03.01.2017]}
}


@book{messaging,
	shorthand = {MSG},
	Author = {Ralf Westphal},
	Date-Added = {2016-09-25 14:41:45 +0000},
	Date-Modified = {2016-09-25 14:42:33 +0000},
	Publisher = {Leanpub},
	Title = {Messaging as a Programming Model},
	Year = {2016}}



@online{ccd,
	shorthand = {CCD},
	Author     = "clean-code-developer.de",
	url       = {http://clean-code-developer.de/},
	note = {[Online, abgefragt 03.01.2017]}
}



@online{flowdesignorg,
	shorthand = {F-D.ORG},
	Author     = "flow-design.org",
	url       = {http://flow-design.org/},
	note = {[Online, abgefragt 03.01.2017, Die Seite ist leider nie ganz fertig gestellt worden.
	 Aktuell werden auch noch die Code-Beispiele unter der Rubrik Implementation nicht mehr angezeigt. Ein Aufsuchen der Github-Links im HTML-Code und manuelles Aufrufen dieser zeigt sie dann jedoch an.]}
}


@book{kata,
	shorthand = {KATA},
	Author = {Ralf Westphal und Stefan Lieser},
	Date-Added = {2016-09-25 14:39:53 +0000},
	Date-Modified = {2016-09-25 14:41:16 +0000},
	Publisher = {Leanpub},
	Title = {The Architect's Napkin Kata f{\"u}r Kata},
	Year = {2014}}

@book{schummelzettel,
	shorthand = {SCHMZL},
	Author = {Ralf Westphal},
	Date-Added = {2016-09-25 14:04:07 +0000},
	Date-Modified = {2016-09-25 14:05:52 +0000},
	Publisher = {Leanpub},
	Title = {The Architect's Napkin - Der Schummelzettel},
	Year = {2014}}

