%% This BibTeX bibliography file was created using BibDesk.
%% http://bibdesk.sourceforge.net/

%% Created for Dennis MÃ¼ller at 2016-09-25 16:52:57 +0200 


%% Saved with string encoding Unicode (UTF-8) 



@misc{flow-design.org,
	Author = {flow-design.org},
	Howpublished = {http://flow-design.org/},
	note = {[Online, abgefragt 1.10.2016]}
}

@book{messaging,
	Author = {Ralf Westphal},
	Date-Added = {2016-09-25 14:41:45 +0000},
	Date-Modified = {2016-09-25 14:42:33 +0000},
	Publisher = {Leanpub},
	Title = {Messaging as a Programming Model},
	Year = {2016}}

@book{kata,
	Author = {Ralf Westphal und Stefan Lieser},
	Date-Added = {2016-09-25 14:39:53 +0000},
	Date-Modified = {2016-09-25 14:41:16 +0000},
	Publisher = {Leanpub},
	Title = {The Architect's Napkin Kata f{\"u}r Kata},
	Year = {2014}}

@book{schummelzettel,
	Author = {Ralf Westphal},
	Date-Added = {2016-09-25 14:04:07 +0000},
	Date-Modified = {2016-09-25 14:05:52 +0000},
	Publisher = {Leanpub},
	Title = {The Architect's Napkin - Der Schummelzettel},
	Year = {2014}}

