@MISC{bmbf,
  AUTHOR = "Bundesministerium f√ºr Bildung und Forschung",
  TITLE = "IT-Ausstattung der allgemein bildenden und berufsbildenden Schulen in Deutschland",
  HOWPUBLISHED = "http://www.schulen-ans-netz.de/neuemedien/fakten/dokus/it-ausstattung-2003.pdf",
  YEAR = "2003"
  }